

<record>
  <leader>00842nam a2200217   4500</leader>
  <controlfield tag="001">BIBLIOPAC-001086</controlfield>
  <controlfield tag="008">030701s1975    bl     f      000 0 por  </controlfield>
  <datafield tag="082" ind1="1" ind2=" ">
    <subfield code="a">301.309811</subfield>
  </datafield>
  <datafield tag="090" ind1=" " ind2=" ">
    <subfield code="a">301.309811</subfield>
    <subfield code="b">G652s</subfield>
  </datafield>
  <datafield tag="100" ind1="1" ind2=" ">
    <subfield code="a">Goodland, Robert J. A., </subfield>
    <subfield code="d">1939-</subfield>
  </datafield>
  <datafield tag="245" ind1="1" ind2="2">
    <subfield code="a">A selva amazônica : </subfield>
    <subfield code="b">do inferno verde ao deserto vermelho? / </subfield>
    <subfield code="c">Robert Goodland, Howard Irwin.</subfield>
  </datafield>
  <datafield tag="260" ind1=" " ind2=" ">
    <subfield code="a">São Paulo : </subfield>
    <subfield code="b">Itatiaia : </subfield>
  </datafield>
  <datafield tag="260" ind1=" " ind2=" ">
    <subfield code="b">EDUSP, </subfield>
    <subfield code="c">1975.</subfield>
  </datafield>
  <datafield tag="300" ind1=" " ind2=" ">
    <subfield code="a">156 p.</subfield>
  </datafield>
  <datafield tag="490" ind1="0" ind2=" ">
    <subfield code="a">Reconquista do Brasil ; </subfield>
    <subfield code="v">30</subfield>
  </datafield>
  <datafield tag="534" ind1=" " ind2=" ">
    <subfield code="a">Tradução de: Amazon jungle : green hell to red desert? : an ecological discussion of the environmental impact of the highway construction program in the Amazon basin.</subfield>
  </datafield>
  <datafield tag="650" ind1=" " ind2="0">
    <subfield code="a">Ecologia humana</subfield>
    <subfield code="z">Amazônia.</subfield>
  </datafield>
  <datafield tag="650" ind1=" " ind2="0">
    <subfield code="a">História natural</subfield>
    <subfield code="z">Amazônia.</subfield>
  </datafield>
  <datafield tag="651" ind1=" " ind2="4">
    <subfield code="a">Amazônia</subfield>
    <subfield code="x">Descrições e viagens.</subfield>
  </datafield>
  <datafield tag="942" ind1=" " ind2=" ">
    <subfield code="c">L</subfield>
  </datafield>
  <datafield tag="999" ind1=" " ind2=" ">
    <subfield code="c">7909</subfield>
    <subfield code="d">7909</subfield>
  </datafield>
  <datafield tag="952" ind1=" " ind2=" ">
    <subfield code="0">0</subfield>
    <subfield code="1">0</subfield>
    <subfield code="2">ddc</subfield>
    <subfield code="4">0</subfield>
    <subfield code="6">AM_301_309811000000000_G652S</subfield>
    <subfield code="7">0</subfield>
    <subfield code="8">AM</subfield>
    <subfield code="9">10093</subfield>
    <subfield code="a">sdin</subfield>
    <subfield code="b">sdin</subfield>
    <subfield code="d">2016-11-23</subfield>
    <subfield code="l">0</subfield>
    <subfield code="o">AM 301.309811 G652s</subfield>
    <subfield code="p">14-0574</subfield>
    <subfield code="r">2016-11-23</subfield>
    <subfield code="w">2016-11-23</subfield>
    <subfield code="y">L</subfield>
  </datafield>
  <datafield tag="952" ind1=" " ind2=" ">
    <subfield code="0">0</subfield>
    <subfield code="1">0</subfield>
    <subfield code="2">ddc</subfield>
    <subfield code="4">0</subfield>
    <subfield code="6">AM_301_309811000000000_G652S</subfield>
    <subfield code="7">0</subfield>
    <subfield code="8">AM</subfield>
    <subfield code="9">38956</subfield>
    <subfield code="a">sdin</subfield>
    <subfield code="b">sdin</subfield>
    <subfield code="d">2018-09-20</subfield>
    <subfield code="l">0</subfield>
    <subfield code="o">AM 301.309811 G652s</subfield>
    <subfield code="p">02-0700</subfield>
    <subfield code="r">2018-09-20</subfield>
    <subfield code="w">2018-09-20</subfield>
    <subfield code="y">L</subfield>
  </datafield>
  <datafield tag="952" ind1=" " ind2=" ">
    <subfield code="0">0</subfield>
    <subfield code="1">0</subfield>
    <subfield code="2">ddc</subfield>
    <subfield code="4">0</subfield>
    <subfield code="6">AM_301_309811000000000_G652S</subfield>
    <subfield code="7">0</subfield>
    <subfield code="8">AM</subfield>
    <subfield code="9">38957</subfield>
    <subfield code="a">sdin</subfield>
    <subfield code="b">sdin</subfield>
    <subfield code="d">2018-09-20</subfield>
    <subfield code="l">0</subfield>
    <subfield code="o">AM 301.309811 G652s</subfield>
    <subfield code="p">2014-142</subfield>
    <subfield code="r">2018-09-20</subfield>
    <subfield code="w">2018-09-20</subfield>
    <subfield code="y">L</subfield>
  </datafield>
</record>