

<record>
  <leader>00707nam a2200253   4500</leader>
  <controlfield tag="001">BIBLIOPAC-006316</controlfield>
  <controlfield tag="005">20161123141814.0</controlfield>
  <controlfield tag="008">041202s1975    enk           001 0 eng  </controlfield>
  <datafield tag="010" ind1=" " ind2=" ">
    <subfield code="a">75019649 </subfield>
  </datafield>
  <datafield tag="015" ind1=" " ind2=" ">
    <subfield code="a">GB76-02372</subfield>
  </datafield>
  <datafield tag="020" ind1=" " ind2=" ">
    <subfield code="a">0123479509</subfield>
  </datafield>
  <datafield tag="040" ind1=" " ind2=" ">
    <subfield code="a">DLC</subfield>
    <subfield code="c">DLC</subfield>
    <subfield code="d">DLC</subfield>
  </datafield>
  <datafield tag="082" ind1="0" ind2="0">
    <subfield code="a">301.31</subfield>
  </datafield>
  <datafield tag="090" ind1=" " ind2=" ">
    <subfield code="a">301.31</subfield>
    <subfield code="b">H636c</subfield>
  </datafield>
  <datafield tag="100" ind1="1" ind2=" ">
    <subfield code="a">Higgins, I. J. </subfield>
    <subfield code="q">(Irving John)</subfield>
  </datafield>
  <datafield tag="245" ind1="1" ind2="4">
    <subfield code="a">The chemistry and microbiology of pollution / </subfield>
    <subfield code="c">I. J. Higgins and R. G. Burns.</subfield>
  </datafield>
  <datafield tag="260" ind1=" " ind2=" ">
    <subfield code="a">London : </subfield>
    <subfield code="b">Academic Press, </subfield>
    <subfield code="c">1975.</subfield>
  </datafield>
  <datafield tag="300" ind1=" " ind2=" ">
    <subfield code="a">viii, 248 p. : </subfield>
    <subfield code="b">il.</subfield>
  </datafield>
  <datafield tag="650" ind1=" " ind2="0">
    <subfield code="a">Microbiologia.</subfield>
  </datafield>
  <datafield tag="650" ind1=" " ind2="0">
    <subfield code="a">Química ambiental</subfield>
  </datafield>
  <datafield tag="650" ind1=" " ind2="0">
    <subfield code="a">Poluição.</subfield>
  </datafield>
  <datafield tag="700" ind1="1" ind2=" ">
    <subfield code="a">Burns, Roger George</subfield>
  </datafield>
  <datafield tag="942" ind1=" " ind2=" ">
    <subfield code="c">L</subfield>
  </datafield>
  <datafield tag="999" ind1=" " ind2=" ">
    <subfield code="c">13131</subfield>
    <subfield code="d">13131</subfield>
  </datafield>
  <datafield tag="952" ind1=" " ind2=" ">
    <subfield code="0">0</subfield>
    <subfield code="1">0</subfield>
    <subfield code="4">0</subfield>
    <subfield code="6">301_310000000000000_H636C</subfield>
    <subfield code="7">0</subfield>
    <subfield code="8">G</subfield>
    <subfield code="9">17531</subfield>
    <subfield code="a">sdin</subfield>
    <subfield code="b">sdin</subfield>
    <subfield code="d">2016-11-23</subfield>
    <subfield code="l">0</subfield>
    <subfield code="o">301.31 H636c</subfield>
    <subfield code="p">76-3286</subfield>
    <subfield code="r">2016-11-23</subfield>
    <subfield code="w">2016-11-23</subfield>
    <subfield code="y">L</subfield>
  </datafield>
</record>