

<record>
  <leader>00832nam a2200253   4500</leader>
  <controlfield tag="001">BIBLIOPAC-010965</controlfield>
  <controlfield tag="005">20161123142956.0</controlfield>
  <controlfield tag="008">140801s2014    bl     f     0000 0      </controlfield>
  <datafield tag="082" ind1="1" ind2=" ">
    <subfield code="a">301.423 </subfield>
  </datafield>
  <datafield tag="090" ind1=" " ind2=" ">
    <subfield code="a">301.423 </subfield>
    <subfield code="b">G647r </subfield>
  </datafield>
  <datafield tag="100" ind1="1" ind2=" ">
    <subfield code="a">Goode, William J. </subfield>
  </datafield>
  <datafield tag="245" ind1="1" ind2="0">
    <subfield code="a">Revolução mundial e padrões de família / </subfield>
    <subfield code="c">William J. Goode; tradução de Leônidas Gontijo de Carvalho. </subfield>
  </datafield>
  <datafield tag="260" ind1=" " ind2=" ">
    <subfield code="a">São Paulo : </subfield>
    <subfield code="b">Editôra da universidade de São Paulo,  </subfield>
    <subfield code="c">c1963. </subfield>
  </datafield>
  <datafield tag="300" ind1=" " ind2=" ">
    <subfield code="a">xvii, 564p. : </subfield>
    <subfield code="b">il. </subfield>
  </datafield>
  <datafield tag="490" ind1="0" ind2=" ">
    <subfield code="a">Ciências Sociais,</subfield>
    <subfield code="v">28</subfield>
  </datafield>
  <datafield tag="650" ind1=" " ind2="0">
    <subfield code="a"> Família </subfield>
    <subfield code="x">Idústria moderna.</subfield>
  </datafield>
  <datafield tag="650" ind1=" " ind2="0">
    <subfield code="a">Bigamia. </subfield>
  </datafield>
  <datafield tag="650" ind1=" " ind2="0">
    <subfield code="a">Bastardia. </subfield>
  </datafield>
  <datafield tag="650" ind1=" " ind2="0">
    <subfield code="a">Sistema petrilinear. </subfield>
  </datafield>
  <datafield tag="650" ind1=" " ind2="0">
    <subfield code="a">Família matrilinear. </subfield>
  </datafield>
  <datafield tag="650" ind1=" " ind2="0">
    <subfield code="a">Família conjunta. </subfield>
  </datafield>
  <datafield tag="700" ind1="1" ind2=" ">
    <subfield code="a">Carvalho, Leônidas Gontijo de. </subfield>
    <subfield code="e">trad.</subfield>
  </datafield>
  <datafield tag="942" ind1=" " ind2=" ">
    <subfield code="c">L</subfield>
  </datafield>
  <datafield tag="999" ind1=" " ind2=" ">
    <subfield code="c">17675</subfield>
    <subfield code="d">17675</subfield>
  </datafield>
  <datafield tag="952" ind1=" " ind2=" ">
    <subfield code="0">0</subfield>
    <subfield code="1">0</subfield>
    <subfield code="4">0</subfield>
    <subfield code="6">301_423000000000000_G647R</subfield>
    <subfield code="7">0</subfield>
    <subfield code="8">G</subfield>
    <subfield code="9">23921</subfield>
    <subfield code="a">sdin</subfield>
    <subfield code="b">sdin</subfield>
    <subfield code="d">2016-11-23</subfield>
    <subfield code="l">0</subfield>
    <subfield code="o">301.423 G647r </subfield>
    <subfield code="p">76-0613</subfield>
    <subfield code="r">2016-11-23</subfield>
    <subfield code="w">2016-11-23</subfield>
    <subfield code="y">L</subfield>
  </datafield>
</record>