

<record>
  <leader>00865cas a2200217 a 4500</leader>
  <controlfield tag="001">0013945</controlfield>
  <controlfield tag="003">BR-MnINPA</controlfield>
  <controlfield tag="005">20190904111556.0</controlfield>
  <controlfield tag="008">150121s||||     bl|||||||||||||||||por|u</controlfield>
  <datafield tag="022" ind1=" " ind2=" ">
    <subfield code="a">0102-4248</subfield>
  </datafield>
  <datafield tag="082" ind1=" " ind2=" ">
    <subfield code="a">301</subfield>
    <subfield code="2">19</subfield>
  </datafield>
  <datafield tag="090" ind1=" " ind2=" ">
    <subfield code="a">P 301</subfield>
    <subfield code="b">C122</subfield>
  </datafield>
  <datafield tag="245" ind1="1" ind2="0">
    <subfield code="a">Cadernos de Estudos Sociais</subfield>
    <subfield code="c">Instituto de Pesquisas Sociais. Fundação Joaquim Nabuco</subfield>
  </datafield>
  <datafield tag="260" ind1=" " ind2=" ">
    <subfield code="a">Recife</subfield>
    <subfield code="b">Instituto de Pesquisas Sociais.Fundação Joaquim Nabuco</subfield>
    <subfield code="c">1985-</subfield>
  </datafield>
  <datafield tag="310" ind1=" " ind2=" ">
    <subfield code="a">Semestral</subfield>
  </datafield>
  <datafield tag="505" ind1=" " ind2=" ">
    <subfield code="a">2003, v.19 (n.2); 2004, v.20 (n.2); 2005, v.21 (n.1/2); 2006, v.22 (n.1-2); 2007, v.23 (n.1/2); 2008, v.24 (n.1-2); 2010, v.25 (n.1-2)</subfield>
  </datafield>
  <datafield tag="650" ind1=" " ind2=" ">
    <subfield code="a">Estudos Sociais</subfield>
  </datafield>
  <datafield tag="710" ind1="0" ind2=" ">
    <subfield code="a">Instituto de Pesquisas Sociais. Fundação Joaquim Nabuco</subfield>
  </datafield>
  <datafield tag="856" ind1=" " ind2=" ">
    <subfield code="u">http://periodicos.fundaj.gov.br/CAD</subfield>
    <subfield code="y">Clique aqui para acessar o versão eletrônica do Periódico</subfield>
  </datafield>
  <datafield tag="942" ind1=" " ind2=" ">
    <subfield code="c">P</subfield>
    <subfield code="2">ddc</subfield>
    <subfield code="s">1</subfield>
  </datafield>
  <datafield tag="999" ind1=" " ind2=" ">
    <subfield code="c">83</subfield>
    <subfield code="d">83</subfield>
  </datafield>
  <datafield tag="952" ind1=" " ind2=" ">
    <subfield code="0">0</subfield>
    <subfield code="1">0</subfield>
    <subfield code="4">0</subfield>
    <subfield code="6">P_301_000000000000000_C122</subfield>
    <subfield code="7">0</subfield>
    <subfield code="9">67</subfield>
    <subfield code="a">sdin</subfield>
    <subfield code="b">sdin</subfield>
    <subfield code="d">2016-04-01</subfield>
    <subfield code="l">0</subfield>
    <subfield code="o">P 301 C122</subfield>
    <subfield code="p">2016-0058</subfield>
    <subfield code="r">2016-04-01</subfield>
    <subfield code="w">2016-04-01</subfield>
    <subfield code="y">P</subfield>
  </datafield>
</record>